@online{mitchelljy,
  author        = {Mitchell J. Y.},
  title         = {Trending YouTube Scraper},
  howpublished  = {Online},
  year          = {2018},
  url           = {https://github.com/mitchelljy/Trending-YouTube-Scraper/tree/master},
  note          = {Acessado em 28 de setembro de 2024}
}

@online{socialblade,
  author        = {Jason Urgo},
  title         = {Social Blade},
  howpublished  = {Online},
  year          = {2008},
  url           = {https://socialblade.com/},
  note          = {Acessado em 11 de outubro de 2024}
}

@online{youtube,
  author        = {Alphabet Inc.},
  title         = {YouTube},
  howpublished  = {Online},
  year          = {2008},
  url           = {https://www.youtube.com},
  note          = {Acessado em 11 de outubro de 2024}
}

@online{kaggle,
  author        = {Google LLC},
  title         = {Kaggle},
  howpublished  = {Online},
  year          = {2010},
  url           = {https://www.kaggle.com/datasets/datasnaek/youtube-new},
  note          = {Acessado em 12 de outubro de 2024}
}

@online{google_youtube_channels,
  author        = {Google Developers},
  title         = {YouTube Data API v3 - Channels},
  howpublished  = {Online},
  year          = {2024},
  url           = {https://developers.google.com/youtube/v3/docs/channels?hl=pt-br},
  note          = {Acessado em 25 de outubro de 2024}
}

@online{google-youtube-channels-snippet,
  author        = {Google Developers},
  title         = {YouTube Data API v3 - Channels - Snippet Country},
  howpublished  = {Online},
  year          = {2024},
  url           = {https://developers.google.com/youtube/v3/docs/channels},
  note          = {Acessado em 25 de outubro de 2024}
}

@online{iso-3166,
  author        = {International Organization for Standardization},
  title         = {ISO 3166 Country Codes},
  howpublished  = {Online},
  year          = {2024},
  url           = {https://www.iso.org/iso-3166-country-codes.html},
  note          = {Acessado em 24 de outubro de 2024}
}

@online{our-YoutubeScraperDataBank,
  author       = {Gustavo de Mendonça Freire and João Victor Lopez Pereira and William Victor Quintela Paixão and Yuri Rocha de Albuquerque},
  title        = {Youtube-Scraper-DataBank},
  year         = {2024},
  howpublished = {online},
  url          = {https://github.com/joaovictorlopezpereira/Youtube-Scraper-DataBank},
  note         = {Repository dedicated to the final project of the ``Databases 1'' course at the Federal University of Rio de Janeiro (UFRJ).}
}